@article{moumen2017images,
  title={Images encryption method using steganographic LSB method, AES and RSA algorithm},
  author={Moumen, Abdelkader and Sissaoui, Hocine},
  journal={Nonlinear Engineering},
  volume={6},
  number={1},
  pages={53--59},
  year={2017},
  publisher={De Gruyter}
}
@phdthesis{howgrave1998computational,
  title={Computational Mathematics Inspired by RSA.},
  author={Howgrave-Graham, Nicholas A},
  year={1998},
  school={University of Bath}
}
@inproceedings{kleinjung2010factorization,
  title={Factorization of a 768-bit RSA modulus},
  author={Kleinjung, Thorsten and Aoki, Kazumaro and Franke, Jens and Lenstra, Arjen K and Thom{\'e}, Emmanuel and Bos, Joppe W and Gaudry, Pierrick and Kruppa, Alexander and Montgomery, Peter L and Osvik, Dag Arne and others},
  booktitle={Annual Cryptology Conference},
  pages={333--350},
  year={2010},
  organization={Springer}
}
